<?xml version="1.0" encoding="UTF-8"?><collection xmlns="http://www.loc.gov/MARC21/slim"><record><leader>00449nam--2200157-i-4500</leader><controlfield tag="001">000045714</controlfield><controlfield tag="002">20161230</controlfield><controlfield tag="005">20161230201045</controlfield><controlfield tag="008">060222s1000------------r-----000-0-eng-d</controlfield><datafield ind1=" " ind2=" " tag="080"><subfield code="a">517.983</subfield></datafield><datafield ind1=" " ind2=" " tag="100"><subfield code="a">Trotha,Hartmut Von</subfield></datafield><datafield ind1=" " ind2=" " tag="245"><subfield code="a">Structure properties of d-r spaces</subfield></datafield><datafield ind1=" " ind2=" " tag="260"><subfield code="a">Warszawa, Panstwowe Wydawnictwo Naukowe, 1981. 75 P</subfield></datafield><datafield ind1=" " ind2=" " tag="490"><subfield code="a">Dissertationes Math. Rozprawy Mat</subfield><subfield code="v">vol CLXXXIV</subfield></datafield><datafield ind1=" " ind2=" " tag="852"><subfield code="a">7385</subfield></datafield><datafield ind1=" " ind2=" " tag="CAT"><subfield code="a">Sys</subfield><subfield code="c">20080327</subfield><subfield code="h">111227</subfield></datafield></record></collection>